%% This BibTeX bibliography file was created using BibDesk.
%% http://bibdesk.sourceforge.net/

%% Saved with string encoding Unicode (UTF-8) 
@INPROCEEDINGS{Borst:2005, 
    author={C. W. Borst and A. V. Asutay},
    booktitle={Proceedings of the World Haptics 2005 - First Joint Eurohaptics Conference and Symposium on Haptic Interfaces for Virtual Environment and Teleoperator Systems}, 
    title={Bi-level and anti-aliased rendering methods for a low-resolution 2D vibrotactile array}, 
    year={2005}, 
    pages={329-335}, 
    doi={10.1109/WHC.2005.25}, 
    month={March},
    location={Pisa, Italy},
    publisher={IEEE Press},
    address = {Piscataway, NJ, USA}
}



@book{Gregson:nDimensionalNonlinear,
  title={n-Dimensional nonlinear psychophysics: Theory and case studies.},
  author={Gregson, Robert Anthony Mills},
  year={1992},
  publisher={Lawrence Erlbaum Associates, Inc},
  address={Hillsdale, NJ, USA}
}

@article{Mahar:2005,
  title={The psychophysics of tactile amplitude summation: a test of the nGamma nonlinear model.},
  author={Mahar, Douglas},
  journal={Nonlinear dynamics, psychology, and life sciences},
  volume={9},
  number={3},
  pages={281--296},
  year={2005}
}


@incollection{Gescheider:PsychophysicalMethodsChapter,
  title={The Classical Psychophysical Methods},
  booktitle={Psychophysics: the fundamentals},
  chapter={3},
  author={Gescheider, G},
  edition={3},
  year={1997},
  pages={45--72},
  publisher={Lawrence Erlbaum Associates},
  address={Mahwah, NJ, USA}
}


@MastersThesis{Baiyya:Thesis:2007,
    author={Baiyya, Vijay B.},
    title={Design and Evaluation of a Haptic Glyph System for 2D Vibrotactile Arrays},
    school={University of Louisiana at Lafayette},
    address={Lafayette, LA},
    year={2007}
}


@techreport{multichannel:2012,
    title={Multichannel stereophonic sound system with and without accompanying picture},
    author={ITU-R},
    number={BS.775-3},
    institution= {International Telecommunication Union},
    year={2012}
}